ß@inproceedings{Chen_He_2013, title={Automated Essay Scoring by Maximizing Human-machine Agreement}, url={http://citeseerx.ist.psu.edu/viewdoc/download?doi=10.1.1.592.9779&rep=rep1&type=pdf}, booktitle={Proceedings of the 2013 Conference on Empirical Methods in Natural Language Processing}, publisher={University of Chinese Academy of Sciences}, author={Chen, Hongbo and He, Ben}, year={2013} }

@misc{Contributors to Wikimedia projects_2021a, title={Statistical classification}, url={https://en.wikipedia.org/wiki/Statistical_classification}, journal={Wikipedia}, author={Contributors to Wikimedia projects}, year={2021}, month={Jun} }

@misc{Contributors to Wikimedia projects_2021b, title={Nonlinear system}, url={https://en.wikipedia.org/wiki/Nonlinear_system}, journal={Wikipedia}, author={Contributors to Wikimedia projects}, year={2021}, month={Sep} }

@misc{Contributors to Wikimedia projects_2021c, title={Regression analysis}, url={https://en.wikipedia.org/wiki/Regression_analysis}, journal={Wikipedia}, author={Contributors to Wikimedia projects}, year={2021}, month={Oct} }

@misc{Contributors to Wikimedia projects_2021d, title={Mathematical model}, url={https://en.wikipedia.org/wiki/Mathematical_model}, journal={Wikipedia}, author={Contributors to Wikimedia projects}, year={2021}, month={Oct} }

@misc{Contributors to Wikimedia projects_2021e, title={Feature extraction}, url={https://en.wikipedia.org/wiki/Feature_extraction}, journal={Wikipedia}, author={Contributors to Wikimedia projects}, year={2021}, month={Oct} }

@misc{Contributors to Wikimedia projects_2021f, title={Artificial neural network}, url={https://en.wikipedia.org/wiki/Artificial_neural_network}, journal={Wikipedia}, author={Contributors to Wikimedia projects}, year={2021}, month={Oct} }

@article{Friedman_2006, title={Recent Advances in Predictive (Machine) Learning}, volume={23}, DOI={10.1007/s00357-006-0012-4}, number={2}, journal={Journal of Classification}, author={Friedman, Jerome H.}, year={2006}, month={Sep}, pages={175–197} }

@book{Harris_Duchnowski_Ramineni_Ridolfi-McCulla_Williamson_Attali_Breyer_2014, title={A Study of the Use of the e-rater Scoring Engine for the Analytical Writing Measure of the GRE revised General Test}, institution={Educational Testing Service}, author={Harris, April and Duchnowski, Matthew and Ramineni, Chaitanya and Ridolfi-McCulla, Laura and Williamson, David M and Attali, Yigal and Breyer, F. Jay}, year={2014} }

@phdthesis{Lilja_2018, title={Automatic Essay Scoring of Swedish Essays using Neural Networks}, url={https://uu.diva-portal.org/smash/get/diva2:1213688/FULLTEXT01.pdf}, school={Department of Statistics Uppsala University}, author={Lilja, Mathias}, year={2018}, month={Jun}, pages={1–34} }

@phdthesis{Moore_2018, title={Applying the Developmental Path of English Negation to the Automated Scoring of Learner Essays }, url={https://scholarsarchive.byu.edu/cgi/viewcontent.cgi?article=7835&context=etd}, school={Brigham Young University}, author={Moore, Allen Travis}, year={2018}, month={May}, pages={1–63} }

@book{Pyle_2003, title={Business Modeling and Data Mining}, ISBN={9780080500454}, publisher={Elsevier}, author={Pyle, Dorian}, year={2003}, month={May} }

@book{Shermis_Burstein_2013, title={Handbook of Automated Essay Evaluation: Current Applications and New Directions}, ISBN={9781136334801}, publisher={Routledge}, author={Shermis, Mark D. and Burstein, Jill}, year={2013}, month={Jul} }

@book{Shermis_Burstein_2003, title={Automated Essay Scoring: A Cross-disciplinary Perspective}, ISBN={9781135643607}, publisher={Routledge}, author={Shermis, Mark D. and Burstein, Jill C.}, year={2003}, month={Jan} }

@inproceedings{Uto_Xie_Ueno_2020, place={Stroudsburg, PA, USA}, title={Neural Automated Essay Scoring Incorporating Handcrafted Features}, url={http://dx.doi.org/10.18653/v1/2020.coling-main.535}, booktitle={Proceedings of the 28th International Conference on Computational Linguistics}, publisher={International Committee on Computational Linguistics}, author={Uto, Masaki and Xie, Yikuan and Ueno, Maomi}, year={2020} }

@misc{Victoria University of Wellington_2021, title={Vocabulary Lists}, url={https://www.wgtn.ac.nz/lals/resources/paul-nations-resources/vocabulary-lists}, journal={Victoria University of Wellington}, publisher={School of Linguistics and Applied Language Studies}, author={Victoria University of Wellington}, year={2021} }

@misc{English for Academic Purposes_2021, url={https://www.wgtn.ac.nz/explore/other-quals/english-academic-purposes/overview}, journal={Victoria University of Wellington}, year={2021} }